%%% Book theory
@misc{QBR,
    author = {"Koomen, Kim"},
    title = {Qbr, A webcam-based 3x3x3 rubik's cube solver written in Python 3 and OpenCV.},
    year = {2019},
    url = {https://github.com/kkoomen/qbr}
}
